2175 3006
640 129 753 168 RUN
1126 127 1175 164 36

274 225 427 257 Roman..
442 230 551 257 -rnte,
566 229 653 255 -ιΛκ,
667 230 690 249 s.
708 229 745 248 m.
765 215 867 246 MSS.
881 221 912 244 et
931 215 965 245 0.
977 215 1013 245 S.
1054 214 1129 245 Vide

277 274 483 338 RurlrgaLssAu,
498 303 575 337 -giffi
591 310 658 335 -AN,
673 310 695 328 s.
710 308 746 327 m.
767 296 869 326 MSS.
883 303 913 326 et
932 295 967 326 C.
978 295 1012 325 S.
1055 295 1129 325 Vide

317 345 481 374 Roithlean.

278 387 497 418 Runa-eorm,
517 393 539 412 s.
560 392 597 410 m.
619 380 731 419 (Ruith,
746 384 777 407 et
792 378 877 416 Fun),
900 377 1129 407 Hemorrhoids:

316 424 545 455 haemorrhoides.
565 422 652 450 Dent.
666 419 765 448 xxviii.
780 419 828 447 27.

279 467 589 496 Runa-bammacfl,
613 469 736 494 aucun,
751 459 809 497 adj.
830 459 944 498 (Ruith,
966 465 996 487 et
1011 459 1129 495 Leum)‚

317 506 463 543 Running,
489 503 545 532 and
573 500 706 540 leaping:
740 509 866 534 currens,
894 505 923 529 et
955 499 1068 528 saliens.
1090 497 1130 527 K.

316 546 445 576 Macken.
459 545 507 572 96.

319 598 330 609 .
349 586 457 619 Βυὶιίῃ,
473 593 511 617 -e,
526 591 604 616 -ean‚
618 592 642 611 s.
655 591 692 610 m.
737 582 763 609 l.
785 581 848 610 The
859 581 961 610 ancle:

378 628 405 654 2.
428 626 456 654 A
470 629 603 662 pastern:
625 622 691 661 equi
706 621 840 660 suffrago.
867 621 941 650 O‘R.

278 668 362 701 Rom,
378 674 462 699 -um,
478 673 546 698 -Ax,
561 669 592 692 et
606 671 744 697 mmm«,
759 672 782 691 s.
792 672 829 690 m.
874 663 898 690 l.
922 662 1026 695 Room,
1040 660 1132 699 place,

316 716 415 745 space:
429 705 520 739 locus,
531 704 665 743 spatium.
675 702 741 731 Lllt.
752 709 783 732 et
798 703 832 731 C'.
844 702 878 731 S.
913 703 940 730 2.
958 703 986 730 A
995 711 1084 735 room,
1100 710 1132 729 or

316 748 465 776 chamber:
480 754 602 778 camera,
613 743 790 773 cubiculum.
805 743 839 772 C.
851 742 884 772 S.
918 742 1013 771 Germ.
1025 742 1130 775 Raum,

315 787 440 826 spatium
453 785 510 815 loci
525 785 570 814 vel
584 784 730 823 temporis.
759 783 866 812 Waclte.

278 830 432 862 RUMAcH,
509 835 612 860 -Alct-r,
628 831 658 854 et
673 834 714 859 -E,
737 833 903 858 -AICHEAN,
938 825 966 851 A
981 823 1084 856 marsh,
1101 832 1132 850 or

278 871 446 902 Rimmon,
523 866 685 905 quagmire:
701 865 791 903 palus,
803 865 848 893 vel
860 873 974 902 vorago.
989 863 1079 900 Many}
1100 862 1131 891 V.

278 910 503 942 Rumacflann,
519 916 626 941 -Amu,
638 916 662 935 s.
676 916 713 934 m.
724 911 753 934 et
762 915 838 943 pres.
842 910 922 942 part.
936 914 962 931 v.
979 903 1132 932 Rumaich.

318 952 378 979 Act
392 948 427 978 of
435 948 552 986 making
565 957 654 981 room,
670 956 702 975 or
716 946 863 984 enlarging
877 955 895 973 a
919 954 1023 983 space:
1045 944 1133 982 spati-

317 1001 367 1019 um
382 988 574 1028 amplificandi
588 993 679 1017 actus.
705 987 738 1015 C.
753 986 786 1015 S.
903 1001 905 1003 ·

280 1032 492 1063 Rumcnmt,
517 1039 558 1063 ·F.,
581 1029 639 1066 adj.
661 1027 826 1066 (Rumam),
860 1025 990 1064 Marshy‚
1015 1026 1132 1064 boggy:

319 1071 484 1110 paludosus.
510 1070 544 1099 C.
558 1069 592 1098 S.

280 1113 446 1145 Rumucu,
470 1119 552 1144 -mn,
577 1109 606 1144 it,
631 1119 658 1137 v.
672 1118 702 1137 n.
724 1107 839 1145 (Rum),
862 1106 952 1135 Make
977 1116 1067 1140 room,
1083 1115 1133 1135 en-

285 1166 288 1170 *
318 1153 396 1190 large
411 1161 429 1180 a
443 1160 528 1190 space
540 1161 547 1179 :
568 1150 691 1188 spatium
705 1147 855 1186 amplifica.
881 1147 916 1175 Ο.
927 1146 961 1175 S.

280 1192 426 1225 Remu„
442 1201 482 1226 -ε,
497 1191 554 1228 adj.
576 1190 687 1228 (Rom),
710 1189 834 1227 Roomy,
856 1187 1004 1226 spatious:
1027 1187 1134 1226 spatio-

319 1242 376 1261 sus.
401 1233 435 1261 C.
449 1231 483 1261 S.

281 1274 448 1307 Romnum,
463 1281 560 1307 -mLL,
577 1281 643 1305 -AN,
659 1281 682 1300 s.
692 1280 726 1299 m.
749 1271 812 1299 The
827 1270 887 1305 tail,
900 1279 932 1299 or
946 1279 1029 1308 rump
1042 1280 1049 1298 ε
1065 1279 1134 1298 cau-

319 1314 364 1347 da,
379 1313 423 1342 vel
439 1313 618 1351 uropygium.
643 1312 717 1341 O'R.
732 1317 761 1340 et
780 1311 814 1340 C.
825 1311 859 1339 S.
903 1310 979 1339 Scot.
996 1310 1134 1348 Rumpill.

281 1354 518 1387 Rumwzmcn,
543 1362 664 1386 uncae,
693 1352 750 1389 adj.
772 1351 945 1389 (Rumpull)‚
969 1351 1087 1388 Having
1117 1360 1134 1379 a

284 1408 287 1411 -
318 1394 395 1432 large
409 1403 509 1431 rump:
531 1393 700 1431 uropygium
715 1401 852 1430 magnum
866 1392 986 1419 habens.
1012 1391 1046 1419 C.
1059 1391 1094 1419 S.

280 1433 361 1468 Rem,
385 1434 466 1468 -om,
491 1434 627 1466 -uNTAN,
651 1438 680 1460 et
695 1432 864 1464 -ὺιΝτεΑΝ,
879 1441 903 1460 s.
917 1440 954 1459 m.
999 1432 1024 1459 l.
1046 1432 1075 1459 A
1091 1440 1134 1459 se-

318 1480 388 1508 cret,
398 1484 430 1502 or
443 1479 583 1511 mystery:
599 1478 741 1500 secretum
753 1471 881 1509 quodvis,
896 1480 1042 1504 arcanum,
1057 1480 1135 1509 mys-

317 1514 429 1542 terium.
451 1518 469 1532 “
485 1513 548 1540 Tha
561 1512 616 1540 νὰη
630 1521 667 1540 an
678 1511 822 1549 Tighearn
836 1511 883 1548 aig
894 1520 932 1538 an
945 1511 1044 1539 dream
1059 1511 1085 1539 d'
1097 1520 1135 1539 an

317 1554 398 1592 eagal
413 1553 455 1582 e.’'
479 1552 570 1581 Salm.
583 1562 650 1580 xxv.
668 1552 713 1579 14.
756 1551 819 1579 The
834 1556 927 1579 secret
941 1551 975 1579 of
993 1551 1042 1579 the
1057 1550 1136 1580 Lord

318 1595 342 1622 is
355 1594 423 1622 with
438 1593 517 1622 them
532 1593 595 1621 that
608 1592 668 1620 fear
681 1592 751 1619 him.
797 1591 850 1619 Est
865 1600 1001 1620 arcanum
1017 1591 1136 1619 Domini

319 1634 375 1662 Dei
390 1633 467 1672 apud
490 1633 554 1661 illos
576 1632 680 1670 quibus
705 1632 790 1660 timor
804 1637 848 1660 est
863 1631 920 1659 ine.
962 1632 991 1659 2.
1013 1631 1136 1660 Inclina-

318 1674 387 1707 tion,
403 1673 590 1711 disposition:
611 1672 752 1706 voluntas,
768 1671 888 1705 indoles,
904 1671 1059 1710 ingenium.

360 1718 377 1732 “
393 1713 559 1742 Feuchaibh
573 1722 611 1741 an
625 1712 753 1740 toiseach
767 1712 794 1740 Ie
809 1712 891 1746 suim,

362 1758 380 1772 ‘⁴
397 1753 470 1783 Ciod
485 1763 522 1782 an
536 1752 593 1781 rim
607 1752 645 1781 'm
660 1752 738 1780 bheil
754 1752 863 1781 dhuinn
878 1753 903 1781 a’
918 1753 1040 1782 bhean.”

321 1836 394 1864 Fit-st
405 1835 502 1874 wisely
514 1841 568 1873 try,
583 1835 647 1863 how
657 1834 706 1863 the
715 1843 826 1863 woman
835 1834 858 1862 is
868 1834 1002 1872 disposed
1013 1835 1136 1863 towards

321 1886 364 1905 us.
406 1876 531 1904 Tentate
545 1874 636 1914 primo
651 1884 718 1903 cum
733 1875 837 1909 studio,
853 1884 983 1912 quaenam
999 1880 1042 1903 est
1055 1875 1136 1903 indo-

321 1917 362 1945 les
377 1915 502 1944 mulieris
517 1925 584 1953 erga
599 1924 660 1943 nos.
702 1916 729 1943 3.
753 1915 878 1953 Regard,
893 1915 957 1944 love
970 1926 977 1943 ι
998 1925 1086 1944 amor.

444 1960 460 1974 “
477 1956 612 1984 Bheirinn
626 1955 682 1983 rim
696 1955 759 1984 thar
773 1955 853 1983 fimf

820 1995 852 2024 S.
868 1995 910 2024 D.
925 1997 993 2024 296.
1006 2005 1096 2033 marq.

324 2037 337 2065 1
352 2036 448 2065 would
463 2037 572 2065 bestow
587 2036 650 2065 love
666 2045 744 2075 upon
758 2036 831 2064 love.
874 2036 1042 2065 Tribuerem
1057 2046 1136 2065 amo-

323 2087 383 2106 rem
406 2086 491 2114 supra
513 2086 649 2106 amorem.
690 2078 717 2105 4.
741 2077 789 2105 An
813 2077 910 2115 object
925 2077 1066 2106 beloved:
1089 2078 1136 2115 qui

325 2117 369 2146 vel
385 2126 448 2155 quae
462 2122 582 2145 amatur.

407 2162 424 2175 ‘⁵
441 2157 506 2185 Ach
521 2157 556 2185 co
571 2167 602 2185 so
618 2157 663 2185 chi
678 2157 717 2185 mi
732 2157 815 2185 dlnth
827 2157 841 2184 P

406 2202 422 2214 “
440 2197 487 2225 An
503 2206 519 2225 e
533 2206 581 2225 mo
595 2197 650 2225 iim
665 2197 688 2225 a'
704 2197 808 2226 teachd
823 2207 840 2225 ο
855 2197 882 2225 ἠ
898 2198 984 2227 chath
993 2198 1024 2226 ?”

929 2238 961 2267 S.
972 2238 1014 2267 D.
1029 2239 1097 2267 345.

325 2279 383 2307 But
398 2277 460 2306 who
476 2277 499 2306 is
514 2278 570 2306 this
585 2278 598 2306 I
614 2287 661 2306 see
676 2287 744 2307 near
766 2284 794 2306 at
809 2278 909 2306 hand?
932 2279 960 2307 Is
975 2279 997 2307 it
1011 2289 1060 2318 my
1074 2279 1138 2308 love

325 2317 461 2355 (coming)
476 2317 623 2356 returning
646 2318 719 2346 stom
742 2318 791 2346 the
812 2318 927 2347 battle?
951 2319 1007 2347 Sed
1023 2319 1138 2357 quinam

324 2358 371 2386 hic
388 2359 496 2396 (quem)
511 2357 656 2395 conspicio
671 2358 780 2396 prope?
816 2358 906 2387 Estne
921 2369 1003 2387 meus
1018 2360 1140 2388 dilectus

325 2398 438 2427 rediens
452 2407 469 2426 a
482 2398 583 2435 proelio
595 2398 609 2424 Ρ
645 2399 672 2426 5.
689 2398 843 2432 Intention,
859 2408 983 2437 purpose
996 2410 1002 2427 :
1025 2400 1140 2428 consili-

325 2448 384 2467 um.
427 2442 444 2456 “
461 2438 507 2466 Na
520 2437 595 2466 inuis
617 2437 654 2466 do
668 2437 724 2466 r'im
746 2438 783 2466 do
798 2438 824 2466 d'
841 2439 956 2467 charaid
970 2439 1086 2477 gorach,
1103 2450 1140 2468 no

325 2479 363 2507 do
383 2478 420 2507 do
436 2477 463 2506 d'
478 2477 612 2507 namhaid
633 2478 716 2515 glic.''
737 2478 824 2506 Prov.
867 2478 1000 2507 Disclose
1021 2486 1072 2508 not
1088 2480 1140 2518 thy

325 2527 449 2558 purpose
472 2524 503 2546 to
518 2518 570 2556 thy
595 2517 697 2546 foolish
718 2518 818 2552 friend,
834 2527 865 2546 or
880 2524 910 2546 to
926 2518 977 2557 thy
991 2519 1059 2548 wise
1074 2529 1141 2549 ene-

325 2568 384 2597 my.
418 2558 465 2587 Ne
479 2557 588 2586 indices
603 2563 685 2586 tuum
700 2558 850 2586 consilium
872 2564 921 2587 tuo
937 2560 1029 2588 amico
1045 2560 1142 2598 insipi-

326 2599 395 2633 enti,
418 2598 463 2627 vel
487 2604 538 2626 tuo
564 2598 678 2627 inimico
702 2598 832 2636 sapienti.

331 2638 365 2667 C.
376 2638 410 2668 S.
451 2638 466 2667 1
479 2648 498 2677 p

328 2679 405 2707 mihi.
427 2678 467 2709 lie.
489 2678 543 2708 Est
557 2678 707 2708 consilium
723 2678 802 2707 mihi.

876 2603 893 2616 “
911 2599 974 2627 Tha
988 2600 1043 2627 iim
1065 2600 1142 2628 orm''

501 2647 611 2677 urpoes,
627 2647 660 2667 or
673 2638 782 2667 intend.
826 2638 940 2672 Statue,
955 2639 999 2667 vel
1015 2649 1144 2678 propono

857 2678 929 2707 Wee.
946 2679 1031 2714 Rhin,
1047 2689 1144 2710 arcan-

1559 127 1673 165 RUN

1223 226 1281 250 um,
1297 223 1451 250 secretum,
1462 217 1652 255 mysterium;
1667 216 1803 250 Rhiniau,
1814 216 2025 246 incantationes
2037 227 2045 245 ι

1223 255 1343 285 fortasse
1357 257 1424 294 quia
1438 256 1607 285 secretiores
1627 262 1706 290 sunt,
1728 262 1758 285 et
1779 256 1808 284 in
1830 257 1947 286 occulto
1961 257 2044 286 fiunt.

1225 296 1304 325 Dav.
1319 296 1464 330 Rhinwes,
1486 305 1504 324 a
1528 301 1665 335 mystery,
1691 306 1710 325 a
1733 297 1844 326 virtue:
1865 297 2044 336 mysterium,

1224 337 1313 365 virtus
1327 337 1467 375 quaedam.
1486 336 1547 364 Ow.
1590 336 1777 376 Rhin-wraig,
1792 347 1810 366 a
1825 337 1922 372 witch,
1937 347 1971 366 or
1985 347 2044 366 sor·

1225 386 1338 406 ceress:
1359 377 1541 406 incantatrix.
1569 376 1655 405 Walt.
1695 377 1734 406 A.
1750 377 1823 407 Sax.
1839 378 2046 416 Run-craestig:

1225 427 1325 456 augur.
1365 418 1448 446 Arm.
1464 418 1559 446 Runa.
1598 416 1684 446 Cin-n.
1699 418 1796 452 Runa,
1811 419 1990 457 mysterium,
2001 427 2046 447 ar·

1226 467 1340 487 canum.
1399 457 1495 487 Germ.
1534 458 1631 491 Rune,
1673 464 1825 493 secretum,
1867 459 2046 498 mysterium.

1234 498 1341 527 Wacht.
1388 498 1471 527 Goth.
1488 499 1583 526 Runa.
1624 497 1663 526 A.
1690 497 1764 527 Saoe.
1779 499 1857 534 Run,
1873 506 1904 528 et
1929 500 2044 529 Runne.

1225 538 1278 567 Isl.
1294 539 1372 573 Rtm,
1388 548 1534 567 arcanum.
1579 537 1654 567 Soot.
1681 538 1777 573 Roun,
1798 544 1829 568 et
1851 539 1966 575 Roune,
1992 540 2047 569 let-

1225 585 1291 613 ters,
1321 580 1484 608 characters
1503 590 1511 607 :
1546 579 1645 612 literae,
1674 579 1765 617 signa,
1801 579 1955 608 scribendo
1989 580 2046 608 uti-

1224 619 1270 648 lia.
1291 619 1370 648 Jam.
1412 619 1463 648 Isl.
1480 621 1558 648 Rt‘m.
1599 619 1638 648 A.
1656 619 1728 648 Sax.
1754 619 1832 648 Run.
1876 619 1970 649 Sama.
1985 620 2047 649 Ru-

1225 669 1270 693 na,
1299 669 1317 688 a
1345 660 1449 689 letter:
1484 661 1576 689 litera.
1619 660 1696 689 Soet.
1726 660 1840 695 Roune,
1869 660 1987 695 Round,
2016 666 2048 690 et

1226 701 1329 729 Rown.
1365 701 1409 729 To
1423 701 1565 740 whisper:
1587 710 1742 730 susurrare.
1756 701 1836 730 Jam.
1879 700 1974 730 Swed.
1985 701 2048 730 Ru-

1225 751 1270 770 na.
1313 741 1352 769 A.
1368 741 1440 770 Sam.
1457 742 1583 770 Runian.
1629 741 1726 770 Germ.
1749 741 1895 776 Raunen3
1916 747 1948 771 to
1961 741 2047 770 whis-

1224 791 1291 820 per:
1314 782 1456 811 submissa
1469 792 1541 811 voce
1555 782 1643 820 loqui.
1687 781 1762 810 Scot.
1785 782 1914 817 Rounar,
1929 791 1948 811 a
1961 782 2046 811 whis-

1224 831 1324 860 perer:
1339 823 1387 861 qui
1399 829 1535 852 susurrat.
1549 823 1628 852 Jam.
1672 822 1747 851 Soet.
1764 823 1936 858 Boua-trec,
1949 823 2047 852 Roan-

1224 868 1295 897 tree,
1311 863 1369 892 and
1385 863 1590 897 Rowan-tree3
1611 863 1661 892 the
1683 863 1816 901 quicken,
1838 873 1871 892 or
1884 863 2050 892 mountain-

1225 903 1276 932 ash
1290 914 1297 932 ι
1319 904 1421 932 sorbus
1436 904 1582 943 sylvestris
1603 903 1737 943 Alpinus.
1758 903 1848 932 Linn.
1871 903 1951 933 Jam.
1965 909 1996 932 et
2009 904 2050 932 id.

1228 943 1320 972 Swed.
1345 945 1458 973 Roenn.
1500 945 1553 973 Jsl.
1568 944 1694 983 Reynir;
1715 950 1745 973 et
1759 944 1812 973 Isl.
1835 944 1914 979 Rau,
1935 944 2048 979 mulier,

1226 984 1286 1014 sive
1311 995 1425 1024 sponsa.
1481 986 1557 1018 Quia
1582 985 1663 1014 olim·
1675 985 1704 1012 in
1731 985 1943 1023 Septentrione,
1965 990 1998 1014 ut
2019 990 2050 1014 et

1225 1025 1303 1064 apud
1319 1026 1418 1055 Celtas
1433 1026 1462 1054 in
1485 1026 1591 1061 Gallia,
1617 1025 1746 1064 epistolae
1760 1026 1790 1054 in
1804 1025 1916 1055 levibus
1937 1025 2049 1055 baculis

1226 1067 1357 1095 rotundis
1378 1067 1530 1106 insculptae
1551 1073 1642 1095 erant.
1684 1066 1862 1105 Hujus-modi
1883 1066 1962 1105 apud
1977 1066 2049 1095 Sax-

1227 1116 1312 1136 onem
1328 1108 1480 1136 traduntur
1493 1108 1580 1136 fuisse
1592 1107 1729 1145 epistolae‚
1742 1117 1812 1145 quas
1823 1107 2000 1136 Amblethus
2010 1107 2048 1136 ab

1227 1148 1370 1176 avunculo
1399 1158 1451 1176 suo
1479 1149 1509 1176 in
1538 1148 1676 1186 Angliam
1705 1148 1898 1185 deportandas
1925 1147 2048 1186 accepit.

1227 1188 1302 1217 Vide
1314 1188 1393 1217 Saxo
1407 1189 1624 1222 Grammaticus,
1636 1187 1696 1216 Ed.
1708 1188 1846 1226 Franwfl
1859 1189 1946 1217 1576.
1956 1198 1985 1226 p.
1999 1189 2050 1217 47.

1228 1229 1292 1257 Nec
1307 1230 1344 1258 ab
1359 1239 1389 1258 re
1403 1229 1524 1264 videtur,
1540 1235 1573 1258 ut
1586 1230 1634 1257 hic
1649 1229 1846 1257 testimonium
1870 1225 2050 1257 adducamus

1228 1269 1264 1298 de
1279 1270 1481 1308 superstitione
1496 1270 1591 1298 adhuc
1607 1269 1732 1307 quidem,
1744 1269 1774 1297 in
1788 1274 1887 1298 nostra
1901 1269 2048 1302 memoria,

1227 1311 1293 1349 qua,
1305 1311 1398 1345 arbor,
1413 1312 1515 1339 sorbus
1530 1310 1665 1339 silvestris
1675 1309 1810 1347 Alpinus,
1827 1309 1904 1338 Soet.
1919 1314 1939 1334 “.
1947 1309 2049 1338 Roun-

1228 1351 1314 1385 tree‚”
1329 1360 1434 1389 magna
1448 1351 1661 1380 existimatione
1675 1350 1799 1378 habetur
1813 1349 1891 1388 apud
1907 1349 2050 1378 montico-

1228 1391 1278 1425 las,
1294 1401 1345 1430 per
1359 1392 1497 1429 quasdam
1514 1391 1619 1420 Scotiae
1642 1390 1783 1428 regiones,
1809 1390 1994 1428 scilicet-per
2015 1389 2050 1418 il·

1227 1431 1294 1465 lam,
1310 1437 1428 1460 tuentur
1442 1441 1556 1470 pecora,
1566 1437 1596 1459 et
1610 1440 1655 1459 res
1669 1430 1786 1469 quidem
1801 1431 1962 1469 omnigenae
1970 1430 2009 1458 ab
2017 1439 2049 1458 o-

1228 1471 1359 1499 culorum
1380 1481 1532 1509 pravorum
1547 1472 1616 1505 ictu,
1632 1471 1649 1499 a
1663 1470 1811 1503 veneficio,
1827 1476 1858 1499 et
1871 1470 2050 1504 infortuniis;

1228 1511 1257 1539 in
1271 1512 1327 1540 hoc
1343 1512 1466 1541 testibus
1486 1521 1610 1550 quoque,
1631 1510 1740 1549 Liyltffi
1755 1516 1784 1539 et
1797 1510 1876 1539 Jam.
1898 1511 1928 1539 in
1949 1520 2008 1539 voc.
2023 1520 2050 1548 q.

1229 1552 1302 1581 vide.
1346 1552 1449 1590 Neque
1463 1552 1565 1591 parum
1580 1551 1648 1580 huic
1662 1550 1798 1589 opinioni,
1814 1551 1924 1589 judicio
1939 1557 2048 1585 nostro,

1230 1592 1342 1621 confert
1362 1602 1420 1621 vox
1436 1593 1498 1631 ipsa
1512 1593 1568 1630 qua
1588 1592 1684 1625 hodie,
1700 1591 1777 1629 apud
1798 1597 1942 1620 nostrates
1963 1592 2049 1620 arbor

1229 1633 1416 1671 dignoscitur,
1438 1633 1456 1661 i.
1479 1643 1505 1661 e.
1530 1638 1548 1651 “
1565 1631 1720 1666 Caorrun,’'
1743 1641 1771 1670 q.
1795 1632 1824 1660 d.
1846 1632 1890 1661 vel
1913 1636 1932 1650 “
1947 1631 2049 1665 Caor‚”

1228 1674 1328 1708 bacca,
1344 1683 1429 1702 sensu
1454 1673 1589 1712 generali,
1612 1678 1642 1701 et
1664 1677 1682 1691 ‘⁴
1699 1672 1767 1700 Run
1779 1672 1803 1705 ;⁷'
1823 1672 1868 1701 vel
1892 1677 1910 1691 “
1925 1672 2051 1701 Caomh-

1228 1714 1309 1748 run,'’
1320 1724 1347 1752 q.
1361 1714 1390 1742 d.
1405 1723 1496 1748 carus,
1509 1723 1617 1748 amans,
1633 1713 1765 1746 dilectus,
1781 1718 1811 1741 et
1826 1717 1844 1731 ‘⁴
1860 1712 1956 1747 Rflnss’
1970 1721 2050 1741 arca-

1228 1764 1306 1788 num,
1332 1755 1510 1793 mysterium.
1563 1754 1668 1782 Nonne
1694 1753 1781 1782 etiam
1805 1759 1926 1791 apparet
1949 1762 2050 1782 sensus

1229 1795 1305 1823 idem
1317 1795 1346 1823 in
1358 1795 1437 1829 Run,
1453 1795 1481 1823 4.
1495 1795 1605 1832 supra?
1619 1800 1649 1823 et
1662 1793 1742 1822 “Mo
1750 1793 1831 1821 iim-’¹
1851 1793 1885 1822 C.
1898 1793 1932 1822 S.
1961 1792 2050 1830 Anql.

1229 1835 1285 1874 My
1313 1836 1443 1864 charmer
1459 1846 1465 1863 :
1487 1835 1592 1864 Latine
1621 1844 1735 1868 sonans,
1761 1834 1935 1863 incantatrix
1962 1842 2028 1862 mea
2039 1846 2050 1867 ς

1229 1886 1293 1914 quae
1304 1886 1351 1905 me
1365 1875 1484 1914 perinde
1495 1885 1529 1904 ac
1541 1876 1563 1903 si
1576 1875 1681 1904 Runas
1691 1874 1818 1912 magicas
1828 1884 1914 1913 super
1923 1883 1971 1903 me
1981 1883 2050 1903 can-

1230 1917 1318 1945 tando
1333 1917 1521 1950 mussitasset‚
1544 1915 1702 1949 fascinavit,
1718 1920 1748 1943 et
1762 1914 1922 1949 infatuavit,
1936 1914 1982 1944 vel
2003 1914 2051 1943 cui

1229 1957 1258 1985 in
1273 1967 1370 1986 aurem
1382 1958 1413 1985 in
1423 1962 1522 1985 secreto
1533 1966 1612 1985 amor
1621 1956 1678 1985 leni
1689 1964 1803 1984 susurro
1818 1956 2048 1984 immurmurant:

1228 2012 1291 2041 fuit.
1334 2012 1408 2040 Vide
1427 2011 1534 2040 'Vae-ht.
1546 2012 1576 2039 in
1590 2020 1647 2039 voc.
1662 2009 1744 2039 Pers.
1752 2006 1806 2050 55)
1816 2019 1946 2044 runa-oo,
1961 2009 2026 2038 love
2038 2021 2045 2042 ;

1227 2072 1316 2091 amor.

1190 2103 1340 2137 Rinmcn,
1358 2111 1481 2136 -Αιοιιε,
1495 2102 1554 2140 adj.
1569 2101 1671 2141 (Rnn).
1706 2101 1732 2128 1.
1747 2100 1894 2129 Beloved:
1915 2099 2048 2133 dilectus,

1229 2143 1441 2172 dilectissimus.
1475 2142 1508 2171 C.
1522 2142 1556 2171 S.
1609 2144 1637 2170 2.
1660 2141 1814 2170 Confident
1836 2146 1939 2178 trusty,
1963 2145 2049 2168 trust-

1229 2184 1359 2222 worthy:
1392 2183 1498 2211 fiducia
1519 2182 1632 2220 dignus.
1657 2181 1691 2210 C'.
1703 2181 1737 2210 S.
1779 2182 1808 2208 3.
1829 2180 1919 2214 Dark,
1941 2186 2049 2218 myste-

1228 2224 1325 2252 rious:
1346 2223 1495 2261 mysticus.
1521 2222 1596 2251 O'R.

1192 2264 1343 2298 Rimmon,
1359 2272 1462 2297 -Alcn,
1477 2273 1499 2291 s.
1512 2272 1549 2290 m.
1565 2262 1667 2300 (Risu).
1706 2263 1731 2289 1.
1747 2262 1775 2289 A
1790 2260 1913 2289 beloved
1927 2269 2048 2299 person:

1231 2305 1279 2343 qui
1294 2304 1338 2333 vel
1354 2313 1417 2342 quae
1431 2309 1552 2331 amatur.
1579 2302 1613 2331 C.
1626 2301 1660 2330 S.
1702 2302 1730 2329 2.
1754 2302 1783 2329 A
1798 2301 1962 2329 confidant:
1983 2300 2049 2329 inti-

1230 2354 1294 2373 mus
1310 2343 1434 2372 consiliis
1449 2343 1521 2381 quis.
1547 2342 1580 2371 C.
1595 2341 1628 2370 S.

1192 2386 1417 2418 Rbmcmmn,
1432 2392 1539 2417 mum,
1554 2392 1577 2410 s.
1592 2391 1628 2410 m.
1643 2388 1673 2410 et
1682 2391 1758 2420 pres.
1767 2386 1846 2419 part.
1862 2391 1888 2409 v.
1905 2380 2048 2409 Runaich.

1232 2424 1384 2462 Inclining,
1409 2429 1466 2457 act,
1489 2433 1522 2451 or
1546 2427 1621 2451 state
1644 2422 1678 2450 of
1698 2422 1844 2460 inclining,
1864 2431 1896 2450 or
1910 2421 2048 2458 wishing:

1233 2464 1360 2504 optandi,
1383 2463 1562 2492 desiderandi
1582 2468 1674 2491 actus.
1700 2462 1734 2490 C.
1742 2462 1776 2490 S.
1818 2463 1846 2490 2.
1868 2463 1928 2489 Act
1949 2460 1984 2488 of
1999 2460 2049 2489 de-

1231 2505 1352 2543 signing,
1378 2503 1542 2542 purposing‚
1569 2512 1600 2531 or
1624 2502 1793 2540 intending:
1818 2500 1972 2535 statuendi,
1995 2501 2048 2529 sibi

1231 2544 1408 2584 proponendi
1423 2550 1514 2572 actus.
1540 2543 1574 2572 0.
1587 2543 1621 2571 S.

1194 2587 1322 2619 Romo,
1338 2593 1418 2618 -A1G‚
1435 2593 1502 2618 -zm,
1523 2594 1545 2612 s.
1551 2584 1580 2622 f.
1596 2583 1702 2622 (Rnn),
1737 2583 1766 2611 A
1781 2581 1903 2610 beloved
1918 2590 2028 2625 woman
2041 2592 2047 2608 :

1232 2626 1346 2655 dilecta.
1372 2624 1406 2653 C.
1418 2624 1451 2653 S.

1196 2667 1359 2700 Rimmon,
1371 2673 1452 2700 -11>}1‚
1466 2673 1494 2699 Β,
1507 2674 1566 2693 v.a.
1577 2670 1644 2694 ειη.
1661 2660 1762 2701 (Run).
1795 2663 1821 2690 1.
1833 2660 1952 2696 Incline,
1964 2661 2048 2690 wish:
